@online{odm_art,
	title	= "CDISC – ein neuer IT-Standard (nicht nur)für die medizinische Forschung",
	url		= "http://www.medizin-edv.de/ARCHIV/cdisc_medizinische_Forschung.pdf",
	author	= "Semler, S",
	year	= "2006"

}
@manual{lsm,
    title     = "LimeSurvey Manual",
    url       = "https://manual.limesurvey.org/",
	date	  = "2021-04-28"
}
@article{quest_eff,
	title	= "The Effect of the Question on Survey Responses: A Review",
	author	= "Kalton, G and Schuman, H",
	journaltitle	= "Royal Statistical Society",
	year	= "1982",
	url		= "https://deepblue.lib.umich.edu/bitstream/handle/2027.42/146916/rssa04317.pdf",
	pages	= "42-73"
}
